<record><leader>00000cas a2200000 a 4500</leader><controlfield tag="001">55660409</controlfield><controlfield tag="008">040616d18951913iluwr ne      0   a0eng c</controlfield><datafield ind1=" " ind2=" " tag="010"><subfield code="a">sn2004061944</subfield></datafield><datafield ind1=" " ind2=" " tag="040"><subfield code="a">NVF</subfield><subfield code="b">eng</subfield><subfield code="c">NVF</subfield><subfield code="d">NVF</subfield><subfield code="d">OCLCQ</subfield><subfield code="d">OCLCF</subfield><subfield code="d">OCLCO</subfield><subfield code="d">NVF</subfield></datafield><datafield ind1=" " ind2=" " tag="042"><subfield code="a">pcc</subfield></datafield><datafield ind1=" " ind2=" " tag="043"><subfield code="a">n-us-il</subfield></datafield><datafield ind1="0" ind2=" " tag="130"><subfield code="a">Republican-atlas (Monmouth, Ill.)</subfield></datafield><datafield ind1="1" ind2="4" tag="245"><subfield code="a">The Republican-atlas.</subfield></datafield><datafield ind1="3" ind2=" " tag="246"><subfield code="a">Republican atlas</subfield></datafield><datafield ind1=" " ind2=" " tag="260"><subfield code="a">Monmouth, Warren County, Ill. :</subfield><subfield code="b">Monmouth Republican Print. Co.,</subfield><subfield code="c">1895-1913.</subfield></datafield><datafield ind1=" " ind2=" " tag="300"><subfield code="a">v.</subfield></datafield><datafield ind1=" " ind2=" " tag="310"><subfield code="a">Weekly</subfield></datafield><datafield ind1="0" ind2=" " tag="362"><subfield code="a">May 17, 1895-July 3, 1913.</subfield></datafield><datafield ind1=" " ind2=" " tag="515"><subfield code="a">Issues lack volume and numbering designations.</subfield></datafield><datafield ind1=" " ind2=" " tag="530"><subfield code="a">Preservation microfilmed by the University of Illinois at Urbana-Champaign Library as part of the United States Newspaper Program; the years 1895-1913 (on 8 microfilm reels) are available for purchase from OCLC Preservation Service Centers.</subfield></datafield><datafield ind1=" " ind2=" " tag="580"><subfield code="a">Daily ed.: Monmouth daily atlas, &lt;1905&gt;-1913.</subfield></datafield><datafield ind1=" " ind2="0" tag="651"><subfield code="a">Monmouth (Ill.)</subfield><subfield code="v">Newspapers.</subfield></datafield><datafield ind1=" " ind2="7" tag="651"><subfield code="a">Illinois</subfield><subfield code="z">Monmouth.</subfield><subfield code="2">fast</subfield><subfield code="0">(OCoLC)fst01217743</subfield></datafield><datafield ind1=" " ind2="7" tag="655"><subfield code="a">Newspapers.</subfield><subfield code="2">fast</subfield><subfield code="0">(OCoLC)fst01423814</subfield></datafield><datafield ind1=" " ind2=" " tag="752"><subfield code="a">United States</subfield><subfield code="b">Illinois</subfield><subfield code="c">Warren County</subfield><subfield code="d">Monmouth.</subfield></datafield><datafield ind1="1" ind2=" " tag="775"><subfield code="t">Monmouth daily atlas</subfield><subfield code="w">(DLC)sn2004061943</subfield><subfield code="w">(OCoLC)55659973</subfield></datafield><datafield ind1="0" ind2="0" tag="780"><subfield code="t">Republican atlas-advance</subfield><subfield code="w">(DLC)sn 93055527</subfield><subfield code="w">(OCoLC)27702155</subfield></datafield><datafield ind1="1" ind2=" " tag="029"><subfield code="a">AU@</subfield><subfield code="b">000025864700</subfield></datafield></record>